@misc{
    influx-python,
    title={{I}nflux{DB}-{P}ython},
    howpublished = {\url{https://github.com/influxdata/influxdb-python}},
    note = {Último acceso: 28/04/2019}
}

@misc{
    kafka-python,
    title={{K}afka {P}ython client},
    howpublished = {\url{https://github.com/dpkp/kafka-python}},
    note = {Último acceso: 28/04/2019}
}

@misc{
    paho-mqtt,
    title={{E}clipse {P}aho - {MQTT} and {MQTT}-{SN} software},
    howpublished = {\url{https://www.eclipse.org/paho}},
    note = {Último acceso: 28/04/2019}
}

@misc{
    grafana-docker,
    title={grafana/grafana - {D}ocker {H}ub},
    howpublished = {\url{https://hub.docker.com/r/grafana/grafana}},
    note = {Último acceso: 28/04/2019}
}

@misc{
    influx-docker,
    title={{I}nflux{DB} - {D}ocker {H}ub},
    howpublished = {\url{https://hub.docker.com/_/influxdb}},
    note = {Último acceso: 28/04/2019}
}

@misc{
    kafka-docker,
    title={bitnami/kafka - {D}ocker {H}ub},
    howpublished = {\url{https://hub.docker.com/r/bitnami/kafka/}},
    note = {Último acceso: 28/04/2019}
}

@misc{
    bitnami,
    title={{B}itnami: {P}ackaged {A}pplications for {A}ny {P}latform - {C}loud, {C}ontainer, {V}irtual {M}achine},
    howpublished = {\url{https://bitnami.com/}},
    note = {Último acceso: 28/04/2019}
}

@misc{
    mosquitto-docker,
    title={eclipse-mosquitto - {D}ocker {H}ub},
    howpublished = {\url{https://hub.docker.com/_/eclipse-mosquitto}},
    note = {Último acceso: 28/04/2019}
}

@misc{
    mosquitto,
    title={{E}clipse {M}osquitto - {A}n open source {MQTT} broker},
    howpublished = {\url{https://mosquitto.org/}},
    note = {Último acceso: 28/04/2019}
}

@misc{
    docker,
    title={{E}nterprise {A}pplication {C}ontainer {P}latform | {D}ocker},
    howpublished = {\url{https://www.docker.com/}},
    note = {Último acceso: 28/04/2019}
}

@misc{
    docker-compose,
    title={{D}ocker {C}ompose},
    howpublished = {\url{https://docs.docker.com/compose/}},
    note = {Último acceso: 28/04/2019}
}

@misc{
    raspberry,
    title={{R}aspberry {P}i — {T}each, {L}earn, and {M}ake with {R}aspberry {P}i},
    howpublished = {\url{https://www.raspberrypi.org/}},
    note = {Último acceso: 28/04/2019}
}

@misc{
    mqtt,
    title={{MQTT}},
    howpublished = {\url{http://mqtt.org/}},
    note = {Último acceso: 28/04/2019}
}

@misc{
    kafka,
    title={{A}pache {K}afka - {A} distributed streaming platform},
    howpublished = {\url{https://kafka.apache.org/}},
    note = {Último acceso: 28/04/2019}
}

@misc{
    influx,
    title={{U}nderstanding {I}nflux{DB} {\&} the {TICK} {S}tack | {I}nflux{D}ata},
    howpublished = {\url{https://www.influxdata.com/time-series-platform/influxdb/}},
    note = {Último acceso: 28/04/2019}
}

@misc{
    grafana,
    title={{G}rafana - {T}he open platform for analytics and monitoring},
    howpublished = {\url{https://grafana.com/}},
    note = {Último acceso: 28/04/2019}
}

@misc{
    gpio,
    title={{GPIO} framework for {F}ree{BSD}},
    howpublished = {\url{https://wiki.freebsd.org/FreeBSD/GPIO}},
    note = {Último acceso: 28/04/2019}
}

@misc{
    rfc7252,
    author="Z. Shelby and K. Hartke and C. Bormann",
    title="{The Constrained Application Protocol (CoAP)}",
    howpublished="RFC 7252 (Proposed Standard)",
    series="Internet Request for Comments",
    type="RFC",
    number="7252",
    pages="1--112",
    year=2014,
    month=jun,
    issn="2070-1721",
    publisher="RFC Editor",
    institution="RFC Editor",
    organization="RFC Editor",
    address="Fremont, CA, USA",
    note="Updated by RFC 7959",
    url="https://www.rfc-editor.org/rfc/rfc7252.txt",
    key="RFC 7252",
    abstract={The Constrained Application Protocol (CoAP) is a specialized web transfer protocol for use with constrained nodes and constrained (e.g., low-power, lossy) networks. The nodes often have 8-bit microcontrollers with small amounts of ROM and RAM, while constrained networks such as IPv6 over Low-Power Wireless Personal Area Networks (6LoWPANs) often have high packet error rates and a typical throughput of 10s of kbit/s. The protocol is designed for machine- to-machine (M2M) applications such as smart energy and building automation. CoAP provides a request/response interaction model between application endpoints, supports built-in discovery of services and resources, and includes key concepts of the Web such as URIs and Internet media types. CoAP is designed to easily interface with HTTP for integration with the Web while meeting specialized requirements such as multicast support, very low overhead, and simplicity for constrained environments.},
    doi="10.17487/RFC7252",
}

@misc{
    rfc768,
    author="J. Postel",
    title="{User Datagram Protocol}",
    howpublished="RFC 768 (Internet Standard)",
    series="Internet Request for Comments",
    type="RFC",
    number="768",
    pages="1--3",
    year=1980,
    month=aug,
    issn="2070-1721",
    publisher="RFC Editor",
    institution="RFC Editor",
    organization="RFC Editor",
    address="Fremont, CA, USA",
    url="https://www.rfc-editor.org/rfc/rfc768.txt",
    key="RFC 768",
    keywords="UDP, UDP",
    doi="10.17487/RFC0768",
}

@misc{
    rfc793,
    author="J. Postel",
    title="{Transmission Control Protocol}",
    howpublished="RFC 793 (Internet Standard)",
    series="Internet Request for Comments",
    type="RFC",
    number="793",
    pages="1--91",
    year=1981,
    month=sep,
    issn="2070-1721",
    publisher="RFC Editor",
    institution="RFC Editor",
    organization="RFC Editor",
    address="Fremont, CA, USA",
    note="Updated by RFCs 1122, 3168, 6093, 6528",
    url="https://www.rfc-editor.org/rfc/rfc793.txt",
    key="RFC 793",
    keywords="TCP, TCP",
    doi="10.17487/RFC0793",
}